@article{Rosencrantz,
author = {Rosencrantz and Guildenstern},
journal = {Poisson Noise And Stochastics},
month = aug,
title = {{Exploring the Law of Averages with Coin Flips}},
volume = {2},
year = {1966}
}

@article{watson1953molecular,
  title={Molecular structure of nucleic acids},
  author={Watson, James D and Crick, Francis HC and others},
  journal={Nature},
  volume={171},
  number={4356},
  pages={737--738},
  year={1953}
}

@article{einstein1905elektrodynamik,
  title={Zur elektrodynamik bewegter k{\"o}rper},
  author={Einstein, Albert},
  journal={Annalen der physik},
  volume={322},
  number={10},
  pages={891--921},
  year={1905},
  publisher={Wiley Online Library}
}
